<collection xmlns="http://www.loc.gov/MARC21/slim">
<record>
  <leader>04096nam0a22006011i 450 </leader>
  <controlfield tag="001">IT\ICCU\CNCE\033180</controlfield>
  <controlfield tag="005">20120903000000.0</controlfield>
  <datafield tag="012" ind1=" " ind2=" ">
    <subfield code="a">enre 5343 a-po hapi (3) 1538 (R)</subfield>
    <subfield code="2">fei</subfield>
    <subfield code="9">1</subfield>
  </datafield>
  <datafield tag="012" ind1=" " ind2=" ">
    <subfield code="a">amam coco i-e- uiAR (3) 1538 (R)</subfield>
    <subfield code="2">fei</subfield>
    <subfield code="9">2</subfield>
  </datafield>
  <datafield tag="100" ind1=" " ind2=" ">
    <subfield code="a">19971217d1538        0itac0103    ba</subfield>
  </datafield>
  <datafield tag="101" ind1=" " ind2=" ">
    <subfield code="a">LAT</subfield>
  </datafield>
  <datafield tag="102" ind1=" " ind2=" ">
    <subfield code="a">IT</subfield>
  </datafield>
  <datafield tag="200" ind1="1" ind2=" ">
    <subfield code="a">Prima \-secunda! pars De natura stirpium libri tres, Ioanne Ruellio authore, medico hac aetate longe clarissimo. Cum indice omnium uniuersi operis obseruatione dignorum copisissimo \!!</subfield>
  </datafield>
  <datafield tag="210" ind1=" " ind2=" ">
    <subfield code="a">Venetijs</subfield>
    <subfield code="c">apud Ioan. Baptistam Pederzanum</subfield>
    <subfield code="d">1538</subfield>
    <subfield code="e">Impressum Venetiis</subfield>
    <subfield code="g">per Bernardinum Bindonum</subfield>
    <subfield code="h">Mediolanensem</subfield>
    <subfield code="g">ad instantiam domini Ioannis Baptistae Pedrezani</subfield>
    <subfield code="h">ipsiusque impensa</subfield>
    <subfield code="h">1538</subfield>
  </datafield>
  <datafield tag="215" ind1=" " ind2=" ">
    <subfield code="a">2 v.</subfield>
    <subfield code="d">8ʻ</subfield>
  </datafield>
  <datafield tag="300" ind1=" " ind2=" ">
    <subfield code="a">2: Venetiis : sumptibus Ioannis Baptistae Pederzani, 1538 (Impressum Venetiis : per Bernardinum Bindonum, Mediolanensem : ad instantiam domini Ioann. Bapt. Pederzani, 1538 mensis Ianuarii). - Altro coloph. a c. H6v del v. 1: (Venetijs : per Ioan. Anto. de Nicolinis de Sabio : expensis uero domini Ioan. Baptistae Pederzani, mense Augusto. 1538)</subfield>
  </datafield>
  <datafield tag="620" ind1=" " ind2=" ">
    <subfield code="a">IT</subfield>
    <subfield code="d">Venezia</subfield>
  </datafield>
  <datafield tag="700" ind1=" " ind2="1">
    <subfield code="a">Ruel,</subfield>
    <subfield code="b">Jean</subfield>
    <subfield code="3">IT\ICCU\CNCA\000023</subfield>
  </datafield>
  <datafield tag="712" ind1="0" ind2="0">
    <subfield code="a">Pederzano, Giovanni Battista</subfield>
    <subfield code="3">IT\ICCU\CNCT\000405</subfield>
    <subfield code="4">650</subfield>
  </datafield>
  <datafield tag="712" ind1="0" ind2="0">
    <subfield code="a">Bindoni, Bernardino</subfield>
    <subfield code="3">IT\ICCU\CNCT\000319</subfield>
    <subfield code="4">650</subfield>
  </datafield>
  <datafield tag="712" ind1="0" ind2="0">
    <subfield code="a">Nicolini da Sabbio, Giovanni Antonio</subfield>
    <subfield code="3">IT\ICCU\CNCT\000056</subfield>
    <subfield code="4">650</subfield>
  </datafield>
  <datafield tag="790" ind1=" " ind2="1">
    <subfield code="a">Ruellius,</subfield>
    <subfield code="b">Johannes</subfield>
    <subfield code="3">IT\ICCU\CNCA\015353</subfield>
    <subfield code="z">Ruel, Jean</subfield>
  </datafield>
  <datafield tag="791" ind1="0" ind2="0">
    <subfield code="a">Pedrezano, Giovanni Battista</subfield>
    <subfield code="3">IT\ICCU\CNCT\002471</subfield>
    <subfield code="z">Pederzano, Giovanni Battista</subfield>
  </datafield>
  <datafield tag="791" ind1="0" ind2="0">
    <subfield code="a">Pederzanis, Ioannes Baptista de</subfield>
    <subfield code="3">IT\ICCU\CNCT\005333</subfield>
    <subfield code="z">Pederzano, Giovanni Battista</subfield>
  </datafield>
  <datafield tag="791" ind1="0" ind2="0">
    <subfield code="a">Pederzanus, Ioannes Baptista</subfield>
    <subfield code="3">IT\ICCU\CNCT\005335</subfield>
    <subfield code="z">Pederzano, Giovanni Battista</subfield>
  </datafield>
  <datafield tag="791" ind1="0" ind2="0">
    <subfield code="a">Pederzani, Baptista de</subfield>
    <subfield code="3">IT\ICCU\CNCT\005336</subfield>
    <subfield code="z">Pederzano, Giovanni Battista</subfield>
  </datafield>
  <datafield tag="791" ind1="0" ind2="0">
    <subfield code="a">Bindonis, Bernardinus de</subfield>
    <subfield code="3">IT\ICCU\CNCT\004380</subfield>
    <subfield code="z">Bindoni, Bernardino</subfield>
  </datafield>
  <datafield tag="791" ind1="0" ind2="0">
    <subfield code="a">Bendoni, Bernardin de</subfield>
    <subfield code="3">IT\ICCU\CNCT\004381</subfield>
    <subfield code="z">Bindoni, Bernardino</subfield>
  </datafield>
  <datafield tag="791" ind1="0" ind2="0">
    <subfield code="a">Sabiensis, Ioannes Antonius</subfield>
    <subfield code="3">IT\ICCU\CNCT\002428</subfield>
    <subfield code="z">Nicolini da Sabbio, Giovanni Antonio</subfield>
  </datafield>
  <datafield tag="791" ind1="0" ind2="0">
    <subfield code="a">Sabbius, Ioannes Antonius</subfield>
    <subfield code="3">IT\ICCU\CNCT\004008</subfield>
    <subfield code="z">Nicolini da Sabbio, Giovanni Antonio</subfield>
  </datafield>
  <datafield tag="801" ind1=" " ind2="3">
    <subfield code="a">IT</subfield>
    <subfield code="b">ICCU</subfield>
    <subfield code="c">20201114</subfield>
  </datafield>
  <datafield tag="899" ind1=" " ind2=" ">
    <subfield code="a">Biblioteca civica A. Mai. Bergamo</subfield>
    <subfield code="1">BG0026</subfield>
    <subfield code="2">LO1 02</subfield>
  </datafield>
  <datafield tag="899" ind1=" " ind2=" ">
    <subfield code="a">Biblioteca Zelantea. Acireale</subfield>
    <subfield code="1">CT0260</subfield>
    <subfield code="2">CAT ZE</subfield>
  </datafield>
  <datafield tag="899" ind1=" " ind2=" ">
    <subfield code="a">Biblioteca Apostolica Vaticana. Citt ̉del Vaticano</subfield>
    <subfield code="1">EX0001</subfield>
    <subfield code="2">ZCV 01</subfield>
  </datafield>
  <datafield tag="899" ind1=" " ind2=" ">
    <subfield code="a">Biblioteca nazionale Braidense. Milano</subfield>
    <subfield code="1">MI0185</subfield>
    <subfield code="2">MIL NB</subfield>
  </datafield>
  <datafield tag="899" ind1=" " ind2=" ">
    <subfield code="a">Biblioteca del Seminario Vescovile della Facolt ̉Teologica del Triveneto dell&apos;Istituto Filosofico Aloisianum. Padova</subfield>
    <subfield code="1">PD0073</subfield>
    <subfield code="2">PUV 01</subfield>
  </datafield>
  <datafield tag="899" ind1=" " ind2=" ">
    <subfield code="a">Biblioteca civica. Padova</subfield>
    <subfield code="1">PD0090</subfield>
    <subfield code="2">PUV 55</subfield>
  </datafield>
  <datafield tag="899" ind1=" " ind2=" ">
    <subfield code="a">Biblioteca universitaria. Padova</subfield>
    <subfield code="1">PD0158</subfield>
    <subfield code="2">PUV 00</subfield>
  </datafield>
  <datafield tag="899" ind1=" " ind2=" ">
    <subfield code="a">Biblioteca universitaria. Pisa</subfield>
    <subfield code="1">PI0112</subfield>
    <subfield code="2">PIS R1</subfield>
  </datafield>
  <datafield tag="899" ind1=" " ind2=" ">
    <subfield code="a">Biblioteca Oliveriana. Pesaro</subfield>
    <subfield code="1">PU0061</subfield>
    <subfield code="2">URB OL</subfield>
  </datafield>
  <datafield tag="899" ind1=" " ind2=" ">
    <subfield code="a">Biblioteca universitaria. Pavia</subfield>
    <subfield code="1">PV0291</subfield>
    <subfield code="2">MIL UP</subfield>
  </datafield>
  <datafield tag="899" ind1=" " ind2=" ">
    <subfield code="a">Biblioteca nazionale centrale. Roma</subfield>
    <subfield code="1">RM0267</subfield>
    <subfield code="2">BVE CR</subfield>
  </datafield>
  <datafield tag="899" ind1=" " ind2=" ">
    <subfield code="a">Biblioteca universitaria Alessandrina. Roma</subfield>
    <subfield code="1">RM0280</subfield>
    <subfield code="2">RML 01</subfield>
  </datafield>
  <datafield tag="899" ind1=" " ind2=" ">
    <subfield code="a">Biblioteca dell&apos;Accademia nazionale dei Lincei e Corsiniana. Roma</subfield>
    <subfield code="1">RM0418</subfield>
    <subfield code="2">RML 10</subfield>
  </datafield>
  <datafield tag="899" ind1=" " ind2=" ">
    <subfield code="a">Biblioteca comunale degli Intronati. Siena</subfield>
    <subfield code="1">SI0046</subfield>
    <subfield code="2">RT1 QI</subfield>
  </datafield>
  <datafield tag="899" ind1=" " ind2=" ">
    <subfield code="a">Biblioteca medica dell&apos;Azienda ospedaliera Valtellina e Valchiavenna. Sondrio</subfield>
    <subfield code="1">SO0093</subfield>
    <subfield code="2">ZSO 09</subfield>
  </datafield>
  <datafield tag="899" ind1=" " ind2=" ">
    <subfield code="a">Biblioteca comunale. Trento</subfield>
    <subfield code="1">TN0121</subfield>
    <subfield code="2">ZTN 01</subfield>
  </datafield>
  <datafield tag="899" ind1=" " ind2=" ">
    <subfield code="a">Biblioteca comunale. Terni</subfield>
    <subfield code="1">TR0032</subfield>
    <subfield code="2">UM1 09</subfield>
  </datafield>
  <datafield tag="899" ind1=" " ind2=" ">
    <subfield code="a">British Library. London</subfield>
    <subfield code="1">UK0001</subfield>
  </datafield>
  <datafield tag="899" ind1=" " ind2=" ">
    <subfield code="a">Biblioteca civica. Verona</subfield>
    <subfield code="1">VR0059</subfield>
    <subfield code="2">ZVR 02</subfield>
  </datafield>
  <datafield tag="911" ind1=" " ind2=" ">
    <subfield code="a">Nel coloph.</subfield>
    <subfield code="9">IT\ICCU\CNCM\001264</subfield>
  </datafield>
  <datafield tag="921" ind1=" " ind2=" ">
    <subfield code="a">IT\ICCU\CNCM\000486</subfield>
    <subfield code="b">Testa di S. Giovanni Battista su un vassoio tenuto da due putti alati. In basso le iniziali I.B.P.</subfield>
    <subfield code="e">Ite potius ad vendentes et emite vobis. Mat. 2.</subfield>
    <subfield code="c">V427</subfield>
    <subfield code="c">Z678</subfield>
    <subfield code="d">Dimensioni: 7 x 6</subfield>
    <subfield code="f">BATTISTA</subfield>
    <subfield code="f">IBP</subfield>
    <subfield code="f">ITEETEMITE</subfield>
    <subfield code="f">PUTTI</subfield>
    <subfield code="f">TESTA</subfield>
    <subfield code="g">1532-1548</subfield>
  </datafield>
  <datafield tag="921" ind1=" " ind2=" ">
    <subfield code="a">IT\ICCU\CNCM\001264</subfield>
    <subfield code="b">San Pietro in cattedra con triregno, chiavi e libro. In alto iniziali : SP</subfield>
    <subfield code="c">U252</subfield>
    <subfield code="d">Dimensioni: 3 x 3,5</subfield>
    <subfield code="f">PIETRO</subfield>
    <subfield code="f">SP</subfield>
    <subfield code="g">1536-1544</subfield>
  </datafield>
</record>
</collection>
